MY PAPERS

@Article{Jahanshahi13:JMEMS,
title={PDMS Selective Bonding for the Fabrication of Biocompatible All Polymer {NC} Microvalves},
author={\mkbibbold{A. Jahanshahi} and P. Salvo and J. Vanfleteren},
journal={Microelectromechanical Systems, Journal of},
year={2013},
doi={10.1109/JMEMS.2013.2262595},
note = {\mkbibparens{To be published}},
volume = {99},
}

@Article{Jahanshahi13:JJAP,
  title = {Stretchable Circuits with Horseshoe Shaped Conductors Embedded in Elastic Polymers},
  author = {\mkbibbold{A. Jahanshahi} and Mario Gonzalez and Jeroen van den Brand and Frederick Bossuyt and Thomas Vervust and Rik Verplancke and Jan Vanfleteren and Johan De Baets},
  journal = {Japanese Journal of Applied Physics},
  volume = {52},
  number = {},
  pages = {05DA18},
  numpages = {7},
  year = {2013},
  url = {http://jjap.jsap.jp/link?JJAP/52/05DA18/},
  doi = {10.1143/JJAP.52.05DA18},
  publisher = {The Japan Society of Applied Physics}
}
